<record><leader>00000cas a22000007a 4500</leader><controlfield tag="001">21244887</controlfield><controlfield tag="008">900320c19589999mauwr ne      0   a0eng d</controlfield><controlfield tag="009">4449</controlfield><datafield ind1=" " ind2=" " tag="010"><subfield code="a">sn 94055523 </subfield></datafield><datafield ind1=" " ind2=" " tag="040"><subfield code="a">ULW</subfield><subfield code="b">eng</subfield><subfield code="c">ULW</subfield><subfield code="d">MGN</subfield><subfield code="d">OCLCQ</subfield><subfield code="d">DLC</subfield></datafield><datafield ind1=" " ind2=" " tag="037"><subfield code="b">Grafton News/North Grafton Shopping Plaza/North Grafton/Massachusetts 01536.</subfield></datafield><datafield ind1=" " ind2=" " tag="042"><subfield code="a">msc</subfield></datafield><datafield ind1=" " ind2=" " tag="043"><subfield code="a">n-us-ma</subfield></datafield><datafield ind1="0" ind2="0" tag="050"><subfield code="a">Newspaper</subfield></datafield><datafield ind1=" " ind2=" " tag="090"><subfield code="a">F72.W9</subfield><subfield code="b">G78</subfield></datafield><datafield ind1="0" ind2="4" tag="245"><subfield code="a">The Grafton news.</subfield></datafield><datafield ind1=" " ind2=" " tag="260"><subfield code="a">Grafton, Mass. :</subfield><subfield code="b">Charles N. Bolack,</subfield><subfield code="c">1958-</subfield></datafield><datafield ind1=" " ind2=" " tag="300"><subfield code="a">v. :</subfield><subfield code="b">ill. ;</subfield><subfield code="c">43 cm.</subfield></datafield><datafield ind1=" " ind2=" " tag="310"><subfield code="a">Weekly</subfield></datafield><datafield ind1="0" ind2=" " tag="362"><subfield code="a">Vol. 1, no. 1 (Mar. 5, 1958)-</subfield></datafield><datafield ind1=" " ind2=" " tag="500"><subfield code="a">"Serving all North Grafton, Grafton, Fisherville, Farnumsville, Saundersville and Wilkinsonville."</subfield></datafield><datafield ind1=" " ind2=" " tag="500"><subfield code="a">Editors: Marianne Rososky; Charles N. Bolack.</subfield></datafield><datafield ind1="1" ind2=" " tag="700"><subfield code="a">Rososky, Marianne.</subfield></datafield><datafield ind1="1" ind2=" " tag="700"><subfield code="a">Bolack, Charles N.</subfield></datafield><datafield ind1=" " ind2=" " tag="752"><subfield code="a">United States</subfield><subfield code="b">Massachusetts</subfield><subfield code="c">Worcester</subfield><subfield code="d">Grafton.</subfield></datafield></record>